@book{mysql,
  author = {MySQL},
  year = {2008},
  title = {MySQL Reference Manual},
  publisher = {MySQL},
  note = {Recuperado de \url{https://dev.mysql.com/doc/}}
}

@book{laravel,
  author = {Laravel},
  year = {2024},
  title = {Laravel Documentation},
  publisher = {Laravel},
  note = {Recuperado de \url{https://laravel.com/docs}}
}

@book{angular,
  author = {Google},
  year = {2024},
  title = {Angular Documentation},
  publisher = {Google},
  note = {Recuperado de \url{https://angular.io/docs}}
}

@book{postgresql,
  author = {PostgreSQL Global Development Group},
  year = {2024},
  title = {PostgreSQL Documentation},
  publisher = {PostgreSQL Global Development Group},
  note = {Recuperado de \url{https://www.postgresql.org/docs/}}
}

@book{mongodb,
  author = {MongoDB, Inc.},
  year = {2024},
  title = {MongoDB Manual},
  publisher = {MongoDB, Inc.},
  note = {Recuperado de \url{https://www.mongodb.com/docs/manual/}}
}

@book{elmasri,
  author = {Ramez Elmasri and Shamkant B. Navathe},
  year = {2016},
  title = {Fundamentals of Database Systems},
  edition = {7th Edition},
  publisher = {Pearson},
  isbn = {978-0133970777}
}


@book{elmasri,
  author = {Ramez Elmasri and Shamkant B. Navathe},
  year = {2016},
  title = {Fundamentals of Database Systems},
  edition = {7th Edition},
  publisher = {Pearson},
  isbn = {978-0133970777}
}


@book{stauffer,
  author = {Matt Stauffer},
  year = {2019},
  title = {Laravel: Up and Running: A Framework for Building Modern PHP Apps},
  edition = {2nd Edition},
  publisher = {O'Reilly Media},
  isbn = {978-1492041214}
}

@book{angular_development,
  author = {Ferdinand Malcher, Johannes Hoppe, Danny Koppenhagen},
  year = {2019},
  title = {Angular: Grundlagen, fortgeschrittene Themen und Best Practices - inklusive NativeScript und NgRx},
  publisher = {dpunkt.verlag},
  isbn = {978-3864906466}
}

@book{react_development,
  author = {Alex Banks and Eve Porcello},
  year = {2020},
  title = {Learning React: Modern Patterns for Developing React Apps},
  edition = {2nd Edition},
  publisher = {O'Reilly Media},
  isbn = {978-1492051725}
}

@article{relational_vs_nosql,
  author = {Martin Fowler},
  year = {2021},
  title = {Relational vs NoSQL Databases: When to Use Which?},
  journal = {Fowler's Blog},
  note = {Recuperado de \url{https://martinfowler.com/articles/nosql-vs-sql.html}}
}

@book{schwaber2017,
  author = {Ken Schwaber and Jeff Sutherland},
  year = {2017},
  title = {Scrum: The Art of Doing Twice the Work in Half the Time},
  publisher = {Crown Business},
  note = {Una guía completa sobre la metodología Scrum y su implementación.}
}

@book{cohn2004,
  author = {Mike Cohn},
  year = {2004},
  title = {User Stories Applied: For Agile Software Development},
  publisher = {Addison-Wesley},
  note = {Explica cómo utilizar Historias de Usuario en el desarrollo ágil.}
}

@manual{almalinux2021,
  title = {AlmaLinux OS},
  author = {AlmaLinux Foundation},
  year = {2021},
  url = {https://almalinux.org},
  note = {Una distribución de Linux de código abierto y compatible con RHEL.}
}

@manual{composer2021,
  title = {Composer - Dependency Manager for PHP},
  author = {Nils Adermann and Jordi Boggiano},
  year = {2021},
  url = {https://getcomposer.org},
  note = {Una herramienta de gestión de dependencias para proyectos PHP.}
}
